
<marc:record><marc:leader>03302nas a2200661 i 4500</marc:leader>
<marc:controlfield tag="001">001414195</marc:controlfield>
<marc:controlfield tag="005">20240821082211.0</marc:controlfield><marc:controlfield tag="006">m     o  d f      </marc:controlfield><marc:controlfield tag="007">cr |||||||||||</marc:controlfield><marc:controlfield tag="008">240821c20209999dcuar   o s  f0    0eng c</marc:controlfield><marc:datafield tag="010" ind1=" " ind2=" "><marc:subfield code="a">2024235715</marc:subfield></marc:datafield><marc:datafield tag="035" ind1=" " ind2=" "><marc:subfield code="a">(OCoLC)1452830112</marc:subfield></marc:datafield><marc:datafield tag="040" ind1=" " ind2=" "><marc:subfield code="a">GPO</marc:subfield><marc:subfield code="b">eng</marc:subfield><marc:subfield code="e">rda</marc:subfield><marc:subfield code="e">pn</marc:subfield><marc:subfield code="c">GPO</marc:subfield></marc:datafield><marc:datafield tag="042" ind1=" " ind2=" "><marc:subfield code="a">pcc</marc:subfield></marc:datafield><marc:datafield tag="043" ind1=" " ind2=" "><marc:subfield code="a">n-us---</marc:subfield></marc:datafield><marc:datafield tag="074" ind1=" " ind2=" "><marc:subfield code="a">0486-I-02 (online)</marc:subfield></marc:datafield><marc:datafield tag="086" ind1="0" ind2=" "><marc:subfield code="a">HE 20.302:AL 1 S/</marc:subfield></marc:datafield><marc:datafield tag="110" ind1="1" ind2=" "><marc:subfield code="a">United States.</marc:subfield><marc:subfield code="b">Indian Health Service,</marc:subfield><marc:subfield code="0">https://id.loc.gov/authorities/names/n79130949</marc:subfield><marc:subfield code="e">author.</marc:subfield></marc:datafield><marc:datafield tag="245" ind1="1" ind2="0"><marc:subfield code="a">Alaska Tribal Health System health facilities' needs assessment report to congress.</marc:subfield></marc:datafield><marc:datafield tag="264" ind1=" " ind2="1"><marc:subfield code="a">Washington, D.C. :</marc:subfield><marc:subfield code="b">Health and Human Services Department, Indian Health Service,</marc:subfield><marc:subfield code="c">[2024]-</marc:subfield></marc:datafield><marc:datafield tag="300" ind1=" " ind2=" "><marc:subfield code="a">1 online resource (volumes)</marc:subfield></marc:datafield><marc:datafield tag="310" ind1=" " ind2=" "><marc:subfield code="a">Annual</marc:subfield></marc:datafield><marc:datafield tag="336" ind1=" " ind2=" "><marc:subfield code="a">text</marc:subfield><marc:subfield code="b">txt</marc:subfield><marc:subfield code="2">rdacontent</marc:subfield></marc:datafield><marc:datafield tag="337" ind1=" " ind2=" "><marc:subfield code="a">computer</marc:subfield><marc:subfield code="b">c</marc:subfield><marc:subfield code="2">rdamedia</marc:subfield></marc:datafield><marc:datafield tag="338" ind1=" " ind2=" "><marc:subfield code="a">online resource</marc:subfield><marc:subfield code="b">cr</marc:subfield><marc:subfield code="2">rdacarrier</marc:subfield></marc:datafield><marc:datafield tag="362" ind1="1" ind2=" "><marc:subfield code="a">Began with: November 2020.</marc:subfield></marc:datafield><marc:datafield tag="500" ind1=" " ind2=" "><marc:subfield code="a">In scope of the U.S. Government Publishing Office Cataloging and Indexing Program (C&amp;I) and Federal Depository Library Program (FDLP).</marc:subfield></marc:datafield><marc:datafield tag="500" ind1=" " ind2=" "><marc:subfield code="a">United States federal government branch: Executive branch.</marc:subfield></marc:datafield><marc:datafield tag="500" ind1=" " ind2=" "><marc:subfield code="a">Access ID (GovInfo): CMR-HE20_300-00188854.</marc:subfield></marc:datafield><marc:datafield tag="500" ind1=" " ind2=" "><marc:subfield code="a">Legal authority: Consolidated Appropriations Act, 2019 (P.L. 116-6) Conference Report (H. Rept. 116-9).</marc:subfield></marc:datafield><marc:datafield tag="500" ind1=" " ind2=" "><marc:subfield code="a">United States Congress receiving chamber(s): United States House of Representatives and Senate.</marc:subfield></marc:datafield><marc:datafield tag="500" ind1=" " ind2=" "><marc:subfield code="a">United States Congress receiving committee(s): Committee on Natural Resources, Committee on Indian Affairs.</marc:subfield></marc:datafield><marc:datafield tag="588" ind1="0" ind2=" "><marc:subfield code="a">November 2020; title from PDF title page (GovInfo, viewed August 21, 2024).</marc:subfield></marc:datafield><marc:datafield tag="588" ind1="1" ind2=" "><marc:subfield code="a">November 2020 (GovInfo, viewed August 21, 2024).</marc:subfield></marc:datafield><marc:datafield tag="515" ind1=" " ind2=" "><marc:subfield code="a">Report for November 2020- covers Fiscal year 2021-</marc:subfield></marc:datafield><marc:datafield tag="610" ind1="2" ind2="0"><marc:subfield code="a">Alaska Tribal Health System</marc:subfield><marc:subfield code="v">Periodicals.</marc:subfield></marc:datafield><marc:datafield tag="650" ind1=" " ind2="0"><marc:subfield code="a">Alaska Natives</marc:subfield><marc:subfield code="x">Medical care</marc:subfield><marc:subfield code="v">Periodicals.</marc:subfield></marc:datafield><marc:datafield tag="650" ind1=" " ind2="0"><marc:subfield code="a">Indians of North America</marc:subfield><marc:subfield code="x">Medical care</marc:subfield><marc:subfield code="v">Periodicals.</marc:subfield></marc:datafield><marc:datafield tag="650" ind1=" " ind2="0"><marc:subfield code="a">Health facilities</marc:subfield><marc:subfield code="z">United States</marc:subfield><marc:subfield code="v">Statistics</marc:subfield><marc:subfield code="v">Periodicals.</marc:subfield></marc:datafield><marc:datafield tag="650" ind1=" " ind2="0"><marc:subfield code="a">Medical care</marc:subfield><marc:subfield code="z">United States</marc:subfield><marc:subfield code="x">Finance</marc:subfield><marc:subfield code="v">Periodicals.</marc:subfield></marc:datafield><marc:datafield tag="650" ind1=" " ind2="0"><marc:subfield code="a">Public buildings</marc:subfield><marc:subfield code="z">United States</marc:subfield><marc:subfield code="v">Periodicals.</marc:subfield></marc:datafield><marc:datafield tag="650" ind1=" " ind2="0"><marc:subfield code="a">Government property</marc:subfield><marc:subfield code="z">United States</marc:subfield><marc:subfield code="v">Periodicals.</marc:subfield></marc:datafield><marc:datafield tag="650" ind1=" " ind2="0"><marc:subfield code="a">Health services administration</marc:subfield><marc:subfield code="z">United States</marc:subfield><marc:subfield code="v">Periodicals.</marc:subfield></marc:datafield><marc:datafield tag="650" ind1=" " ind2="7"><marc:subfield code="a">General Native American affairs matters.</marc:subfield><marc:subfield code="2">lst</marc:subfield></marc:datafield><marc:datafield tag="650" ind1=" " ind2="7"><marc:subfield code="a">Government buildings, facilities, and property.</marc:subfield><marc:subfield code="2">lst</marc:subfield></marc:datafield><marc:datafield tag="650" ind1=" " ind2="7"><marc:subfield code="a">Health facilities and institutions.</marc:subfield><marc:subfield code="2">lst</marc:subfield></marc:datafield><marc:datafield tag="650" ind1=" " ind2="7"><marc:subfield code="a">Health programs administration and funding.</marc:subfield><marc:subfield code="2">lst</marc:subfield></marc:datafield><marc:datafield tag="655" ind1=" " ind2="7"><marc:subfield code="a">Statistics.</marc:subfield><marc:subfield code="2">lcgft</marc:subfield><marc:subfield code="0">https://id.loc.gov/authorities/genreForms/gf2014026181</marc:subfield></marc:datafield><marc:datafield tag="710" ind1="1" ind2=" "><marc:subfield code="a">United States.</marc:subfield><marc:subfield code="b">Congress.</marc:subfield><marc:subfield code="b">House.</marc:subfield><marc:subfield code="b">Committee on Natural Resources.</marc:subfield><marc:subfield code="0">https://id.loc.gov/authorities/names/no93010794</marc:subfield></marc:datafield><marc:datafield tag="710" ind1="1" ind2=" "><marc:subfield code="a">United States.</marc:subfield><marc:subfield code="b">Congress.</marc:subfield><marc:subfield code="b">Senate.</marc:subfield><marc:subfield code="b">Committee on Indian Affairs (1993- )</marc:subfield><marc:subfield code="0">https://id.loc.gov/authorities/names/no96040455</marc:subfield></marc:datafield><marc:datafield tag="856" ind1="4" ind2="0"><marc:subfield code="u">https://purl.fdlp.gov/GPO/gpo232039</marc:subfield><marc:subfield code="7">0</marc:subfield></marc:datafield><marc:datafield tag="856" ind1="4" ind2=" "><marc:subfield code="z">Address at time of PURL creation</marc:subfield><marc:subfield code="u">https://www.govinfo.gov/app/details/CMR-HE20_300-00188854</marc:subfield></marc:datafield><marc:datafield tag="994" ind1=" " ind2=" "><marc:subfield code="a">C0</marc:subfield><marc:subfield code="b">GPO</marc:subfield></marc:datafield><marc:datafield tag="049" ind1=" " ind2=" "><marc:subfield code="a">XZLS</marc:subfield></marc:datafield><marc:datafield tag="955" ind1=" " ind2=" "><marc:subfield code="a">bca59 20240821</marc:subfield><marc:subfield code="b">20240821</marc:subfield></marc:datafield><marc:datafield tag="922" ind1=" " ind2=" "><marc:subfield code="a">CONSERNEW</marc:subfield><marc:subfield code="b">20240821</marc:subfield></marc:datafield><marc:datafield tag="922" ind1=" " ind2=" "><marc:subfield code="a">NOISSN</marc:subfield></marc:datafield><marc:datafield tag="922" ind1=" " ind2=" "><marc:subfield code="a">CMR</marc:subfield><marc:subfield code="b">20240821</marc:subfield></marc:datafield></marc:record>